@IEEEtranBSTCTL{bstctl:etal,
  CTLuse_forced_etal = {yes},
  CTLmax_names_forced_etal = {3},
}

@IEEEtranBSTCTL{bstctl:nodash,
  CTLdash_repeated_names = {no},
}

@IEEEtranBSTCTL{bstctl:simpurl,
  CTLname_url_prefix = {Available: },
}

@article{videorecommendation2007,
  author = {Bo Yang and Tao Mei and Xian-Sheng Hua and Linjun Yang and Shi-Qiang Yang and Mingjing Li},
  title = {{Online video recommendation based on multimodal fusion and relevance feedback}},
  journal = {International Conference on Image and Video Retrieval },
  pages = {73-80},
  year = {2007}
}

@article{travelguidance2010,
  author = {Yue Gao and Jinhui Tang and Richang Hong and Qionghai Dai and Tat S. Chua and Ramesh Jain},
  title = {{W2GO: a travel guidance system by automatic landmark ranking}},
  journal = {ACM Multimedia},
  pages = {123-132},
  year = {2010}
}

@article{tvidentify2003,
  author = {Alexis Joly and Carl Frelicot and Olivier Buisson},
  title = {{Robust Content-Based Video Copy Identification in a Large Reference Database }},
  journal = {International Conference on Image and Video Retrieval},
  pages = {511-516},
  year = {2003}
}

@article{Bay2006SURF,
  author = {H. Bay and T. Tuytelaars and L. Van Gool},
  title = {{SURF: Speeded up robust features}},
  journal = {European Conference on Computer Vision},
  year = {2006},
  pages = {404-417},
}

@article{Evans20009OpenSURF,
  author = {C. Evans},
  title = {{Notes on the OpenSURF Library}},
  journal = {Technical Report CSTR-09-001, University of Bristol},
  year = {2009},
}

@article{Lowe2004SIFT,
  author = {D. G. Lowe},
  title = {{Distinctive Image Features from Scale-Invariant Keypoints}},
  journal = {International Journal of Computer Vision},
  volume = {60},
  number={2},
  year = {2004},
  pages = {91-110},
}

@article{Wan2008CopyDetection,
  author = {Y. H. Wan and Q. L. Yuan and S. M. Ji and L. M. He and Y. L. Wang},
  title = {{A Survey of the Image Copy Detection}},
  journal = {Conference on Cybernetics and Intelligent Systems},
  year = {2008},
  pages = {738-743},
}

@article{Berrani2003CopyDetection,
  author = {S. Berrani and L. Amsaleg and P. Gros},
  title = {{Robust content-based image searches for copyright protection}},
  journal = {International Workshop On Multimedia Databases},
  year = {2003},
  pages = {70-77},
}

@article{Bay2006Gool,
    AUTHOR = {Herbert Bay and Beat Fasel and Luc Van Gool},
    TITLE = {{Interactive museum guide: Fast and robust recognition of museum objects}},
    journal = {International Workshop on Mobile Vision},
    YEAR = {2006}
}

@ARTICLE{Uijlings2009RTBOW,
  AUTHOR = {J. R. R. Uijlings and A. W. M. Smeulders and R. J. H Scha},
  TITLE = {{Real-time bag of words, approximately}},
  JOURNAL = {International Conference on Image and Video Retrieval},
  YEAR = {2009},
  PAGES = {1-8}
}

@article{Zhang2010OptPSURF,
  author = {N. Zhang},
  title = {{Computing Optimised Parallel Speeded-Up Robust Features (P-SURF) on Multi-Core Processors}},
  journal = {International Journal of Parallel Programming},
  volume = {38},
  number={2},
  year = {2010},
  pages = {138-158},
}

@ARTICLE{Fang2011ispass,
  AUTHOR = {Zhenman Fang and Donglei Yang and Weihua Zhang and Haibo Chen and Binyu Zang},
  TITLE = {{A Comprehensive Analysis and Parallelization of an Image Retrieval Algorithm}},
  JOURNAL = {ISPASS},
  YEAR = {2011}
}

@ARTICLE{Q.Zhang2008,
  AUTHOR = {Q. Zhang and Y. Chen and Y. Zhang and Y. Xu},
  TITLE = {{Sift implementation and optimization for multi-core systems}},
  JOURNAL = {IPDPS},
  YEAR = {2008}
}

@ARTICLE{S.N.Sinha2006,
  AUTHOR = {S. N. Sinha and J.-M. Frahm and M. Pollefeys and Y. Genc},
  TITLE = {{GPU-based video feature tracking and matching}},
  JOURNAL = {Workshop on Edge Computing Using New Commodity Architectures},
  YEAR = {2006}
}

@ARTICLE{S.Heymann2007,
  AUTHOR = {S. Heymann and B. Frohlich and A. Smolic and K. MÃ¼ller and T. Wiegand},
  title = {{SIFT implementation and optimization for general-purpose gpu}},
  journal = {International Conferences
in Central Europe on Computer Graphics, Visualization and Computer Vision},
  year = {2007}
}

@ARTICLE{ALPBench2005,
  AUTHOR = {Man-Lap Li and Sasanka, R. and Adve, S.V. and Yen-Kuang Chen and Debes, E.},
  title = {{The ALPBench benchmark suite for complex multimedia applications}},
  journal = {IISWC},
  year = {2005}
}

@ARTICLE{MiBench2001,
  AUTHOR = {M. R. Guthaus and J. S. Ringenberg and D. Ernst and T. M. Austin and T. Mudge and R. B. Brown},
  title = {{MiBench: A free, commercially representative embedded benchmark suite}},
  journal = {IISWC},
  year = {2001}
}

@techreport{Berkley2000,
  AUTHOR = {Slingerland, Nathan T. and Smith, Alan Jay},
  title = {{Design and Characterization of the Berkley Multimedia Workload}},
  URL = {http://www.eecs.berkeley.edu/Pubs/TechRpts/2000/5320.html},
  Number = {UCB/CSD-00-1122},
  year = {2000}
}


@inproceedings{EEMBC,
   title = {{EDN Embedded Microprocessor Benchmark Consortium. The EEMBC benchmark suite}},
   year = {1997}
}

@ARTICLE{MediaBnech1997,
  AUTHOR = {Chunho Lee and Miodrag Potkonjak and William H. Mangione-smith},
  title = {{MediaBench: A tool for evaluating and synthesizing multimedia and communications systems}},
  journal = {Micro},
  year = {1997}
}

@ARTICLE{ISPASS05,
  AUTHOR = {Aashish Phansalkar and Ajay Joshi and Lieven Eeckhout and Lizy K. John},
  title = {{Measuring program similarity: experiments with SPEC CPU benchmark suites}},
  journal = {ISPASS},
  year = {2005},
  pages = {10-20}
}

@ARTICLE{Derek1997,
  AUTHOR = {Derek Noonburg and John Paul Shen},
  title = {{A framework for statistical modeling of superscalar processor performance}},
  journal = {HPCA},
  year = {1997},
  pages = {298-309}
}

@ARTICLE{Dubey1994,
  AUTHOR = {Dubey, P.K. and Adams, G.B., III and Flynn, M.J.},
  title = {{Instruction window size trade-offs and characterization of program parallelism}},
  journal = {Transactions on Computers},
  year = {1994},
  pages = {431-442}
}

@ARTICLE{WWC2000,
  AUTHOR = {T. Lafage and A. Seznec},
  title = {{Choosing representative slices of program execution for Microarchitecture simulations: a preliminary application to the data stream}},
  journal = {Workshop on Workload Characterization},
  year = {2000}
}

@misc{pin,
   author = {Pin},
   URL={http://www.pintool.org/faq.html}
}

@ARTICLE{CISCO2011,
    title= {{Cisco Visual Networking Index: Forecast and Methodology, 2010-2015}},
    year={2011}
}

@ARTICLE{simpoint2002,
  AUTHOR = {Timothy Sherwood and Erez Perelman and Greg Hamerly and Brad Calder},
  title = {{Automatically characterizing large scale program behavior}},
  journal = {ASPLOS},
  year = {2002}
}

@ARTICLE{splash,
  AUTHOR = {S.Woo and M.Ohara and E.Torrie and J.Singh and and A.Gupta},
  title = {{The SPLASH-2 programs: Characterization and methodological considerations}},
  journal = {ISCA},
  pages={24-36},
  year = {1995}
}

@ARTICLE{parsec,
  AUTHOR = {Christian Bienia and Kai Li},
  title = {{PARSEC 2.0: A New Benchmark Suite for Chip-Multiprocessors}},
  journal = {Annual Workshop on Modeling, Benchmarking and Simulation},
  month={June},
  year = {2009}
}

@TechReport{fasthog,
  AUTHOR = {Victor Prisacariu and Ian Reid},
  title = {{fastHOG - a real-time GPU implementation of HOG}},
  institution = "Department of Engineering Science, Oxford University",
  number="2310/09",
  year = {2009}
}

@ARTICLE{rtkdtree,
  AUTHOR = {Kun Zhou, Qiming Hou, Rui Wang, Baining Guo},
  title = {{Real-Time KD-Tree Construction on Graphics Hardware}},
  journal = {ACM Transactions on Graphics},
  year = {2008}
}

@misc{RobHess,
   author = {Rob Hess},
   URL={http://blogs.oregonstate.edu/hess/code/sift/}
}

@inproceedings{SPEC,
    title = {{Standard Performance Evaluation Corporation. SPEC CPU2000 V1.2, CPU Benchmarks}},
    URL={http://www.spec.org}
}



@misc{dataset,
   author = {K. Mikolajczyk},
   title = {{Local Feature Evaluation Dataset}},
   URL={http://www.robots.ox.ac.uk/~vgg/research/affine/}
}

@article{Mikolajczyk2005Evaluation,
  author = {Krystian Mikolajczyk and Cordelia Schmid },
  title = {{A performance evaluation of local descriptors}},
  journal = {Transactions on Pattern Analysis and Machine Intelligence},
  volume = {27},
  number={10},
  year = {2005},
  pages = {1615-1630},
}

@article{Bauer2007Evaluation,
  author = {J. Bauer and N. Sunderhauf and P. Protzel},
  title = {{Comparing Several Implementations of Two Recently Published Feature Detectors}},
  journal = {International Conference on Intelligent and Autonomous Systems},
  year = {2007},
}

@article{MSER2002,
  author = {J. Matas and O. Chum and M. Urban and T. Pajdla},
  title = {{Robust wide baseline stereo from maximally stable extremal regions}},
  journal = {British Machine Vision Conference},
  year = {2002},
}

@article{VLfeat2010,
  author = {Andrea Vedaldi and Brian Fulkerson},
  title = {{Vlfeat: an open and portable library of computer vision algorithms}},
  journal = {ACM Multimedia},
  year = {2010}
}

@article{HOG2005,
  author = {Navneet Dalal and Bill Triggs},
  title = {{Histograms of Oriented Gradients for Human Detection}},
  journal = {CVPR},
  year = {2005}
}

@article{KDTree2008,
  author = {C. Silpa-Anan and R. Hartley},
  title = {{Optimised KD-tress for fast image descriptor matching}},
  journal = {CVPR},
  year = {2008}
}

@article{KDTree2009,
  author = {Marius Muja and David G. Lowe},
  title = {{Fast Approximate Nearest Neighbors with Automatic Algorithm Configuration}},
  journal = {International Conference on Computer Vision Theory and Application},
  year = {2009}
}

@article{VOCTree2006,
  author = {D. Nist\'er and H. Stew\'enius},
  title = {{Scalable Recognition with a Vocabulary Tree}},
  journal = {CVPR},
  year = {2006}
}

@article{LSH1999,
  author = {Aristides Gionis and Piotr Indyk and Rajeev Motwani},
  title = {{Similarity Search in High Dimensions via Hashing}},
  journal = {International Conference on Very Large Data Bases},
  year = {1999}
}

@article{LSH2004,
  author = {Mayur Datar and Piotr Indyk },
  title = {{Locality-sensitive hashing scheme based on p-stable distributions}},
  journal = {Annual Symposium on Computational Geometry},
  year = {2004}
}

@misc{LSHsource,
   title={{LSHKIT: A C++ Locality Sensitive Hashing Library}},
   URL={http://lshkit.sourceforge.net/}
}

@article{ransac1981,
  author = {A. Fischler and C. Bolles},
  title = {{Random sample consensus: a paradigm for model fitting with applications to image analysis and automated cartography}},
  journal = {Communications of the ACM},
  year = {1981}
}

@article{PTLSim,
  author = {M. T. Yourst},
  title = {{PTLSim: A Cycle Accurate Full System x86-64 Microarchitectural Simulator}},
  journal = {ISPASS},
  year = {2007}
}

@misc{INRIA,
   URL={http://pascal.inrialpes.fr/data/human/}
}

@article{oxford2007,
  author = {J. Philbin et al},
  title = {{Object Retrieval with Large Vocabularies and Fast Spatial Matching}},
  journal = {CVPR},
  year = {2007}
}

@article{youtube2009,
  author = {Christian Jansohn and Adrian Ulges and Thomas M. Breuel},
  title = {{Detecting pornographic video content by combining image features with motion information}},
  journal = {International Conference on Multimedia },
  year = {2009}
}


@article{hibench2010,
  author = {Shengsheng Huang and Jie Huang and Jinquan Dai and Tao Xie and Bo Huang},
  title = {{The HiBench benchmark suite: Characterization of the MapReduce-based data analysis}},
  journal = {International Conference on Data Engineering Workshops},
  year = {2010}
}

@misc{SPEC2,
   URL={http://www.spec.org}
}

@misc{parboil,
   URL={http://impact.crhc.illinois.edu/parboil.php}
}

@article{oliva2006building,
  title={Building the gist of a scene: The role of global image features in recognition},
  author={Oliva, A. and Torralba, A.},
  journal={Progress in brain research},
  volume={155},
  pages={23--36},
  year={2006},
  publisher={Elsevier}
}