@IEEEtranBSTCTL{bstctl:etal,
  CTLuse_forced_etal = {yes},
  CTLmax_names_forced_etal = {3},
}

@IEEEtranBSTCTL{bstctl:nodash,
  CTLdash_repeated_names = {no},
}

@IEEEtranBSTCTL{bstctl:simpurl,
  CTLname_url_prefix = {Available: },
}

@article{videorecommendation2007,
  author = {Bo Yang and Tao Mei and Xian-Sheng Hua and Linjun Yang and Shi-Qiang Yang and Mingjing Li},
  title = {{Online video recommendation based on multimodal fusion and relevance feedback}},
  journal = {International Conference on Image and Video Retrieval },
  pages = {73-80},
  year = {2007}
}

@article{travelguidance2010,
  author = {Yue Gao and Jinhui Tang and Richang Hong and Qionghai Dai and Tat S. Chua and Ramesh Jain},
  title = {{W2GO: a travel guidance system by automatic landmark ranking}},
  journal = {ACM Multimedia},
  pages = {123-132},
  year = {2010}
}

@article{tvidentify2003,
  author = {Alexis Joly and Carl Frelicot and Olivier Buisson},
  title = {{Robust Content-Based Video Copy Identification in a Large Reference Database }},
  journal = {International Conference on Image and Video Retrieval},
  pages = {511-516},
  year = {2003}
}

@article{Bay2006SURF,
  author = {H. Bay and T. Tuytelaars and L. Van Gool},
  title = {{SURF: Speeded up robust features}},
  journal = {European Conference on Computer Vision},
  year = {2006},
  pages = {404-417},
}

@article{Evans20009OpenSURF,
  author = {C. Evans},
  title = {{Notes on the OpenSURF Library}},
  journal = {Technical Report CSTR-09-001, University of Bristol},
  year = {2009},
}

@article{Wan2008CopyDetection,
  author = {Y. H. Wan and Q. L. Yuan and S. M. Ji and L. M. He and Y. L. Wang},
  title = {{A Survey of the Image Copy Detection}},
  journal = {Conference on Cybernetics and Intelligent Systems},
  year = {2008},
  pages = {738-743},
}

@article{Berrani2003CopyDetection,
  author = {S. Berrani and L. Amsaleg and P. Gros},
  title = {{Robust content-based image searches for copyright protection}},
  journal = {International Workshop On Multimedia Databases},
  year = {2003},
  pages = {70-77},
}

@article{Bay2006Gool,
    AUTHOR = {Herbert Bay and Beat Fasel and Luc Van Gool},
    TITLE = {{Interactive museum guide: Fast and robust recognition of museum objects}},
    journal = {International Workshop on Mobile Vision},
    YEAR = {2006}
}

@ARTICLE{Uijlings2009RTBOW,
  AUTHOR = {J. R. R. Uijlings and A. W. M. Smeulders and R. J. H Scha},
  TITLE = {{Real-time bag of words, approximately}},
  JOURNAL = {International Conference on Image and Video Retrieval},
  YEAR = {2009},
  PAGES = {1-8}
}

@article{Zhang2010OptPSURF,
  author = {N. Zhang},
  title = {{Computing Optimised Parallel Speeded-Up Robust Features (P-SURF) on Multi-Core Processors}},
  journal = {International Journal of Parallel Programming},
  volume = {38},
  number={2},
  year = {2010},
  pages = {138-158},
}

@ARTICLE{Fang2011ispass,
  AUTHOR = {Zhenman Fang and Donglei Yang and Weihua Zhang and Haibo Chen and Binyu Zang},
  TITLE = {{A Comprehensive Analysis and Parallelization of an Image Retrieval Algorithm}},
  JOURNAL = {ISPASS},
  YEAR = {2011}
}

@ARTICLE{Q.Zhang2008,
  AUTHOR = {Q. Zhang and Y. Chen and Y. Zhang and Y. Xu},
  TITLE = {{Sift implementation and optimization for multi-core systems}},
  JOURNAL = {IPDPS},
  YEAR = {2008}
}

@ARTICLE{S.N.Sinha2006,
  AUTHOR = {S. N. Sinha and J.-M. Frahm and M. Pollefeys and Y. Genc},
  TITLE = {{GPU-based video feature tracking and matching}},
  JOURNAL = {Workshop on Edge Computing Using New Commodity Architectures},
  YEAR = {2006}
}

@ARTICLE{S.Heymann2007,
  AUTHOR = {S. Heymann and B. Frohlich and A. Smolic and K. MÃ¼ller and T. Wiegand},
  title = {{SIFT implementation and optimization for general-purpose gpu}},
  journal = {International Conferences
in Central Europe on Computer Graphics, Visualization and Computer Vision},
  year = {2007}
}

@ARTICLE{ALPBench2005,
  AUTHOR = {Man-Lap Li and Sasanka, R. and Adve, S.V. and Yen-Kuang Chen and Debes, E.},
  title = {{The ALPBench benchmark suite for complex multimedia applications}},
  journal = {IISWC},
  year = {2005}
}

@ARTICLE{MiBench2001,
  AUTHOR = {M. R. Guthaus and J. S. Ringenberg and D. Ernst and T. M. Austin and T. Mudge and R. B. Brown},
  title = {{MiBench: A free, commercially representative embedded benchmark suite}},
  journal = {IISWC},
  year = {2001}
}

@techreport{Berkley2000,
  AUTHOR = {Slingerland, Nathan T. and Smith, Alan Jay},
  title = {{Design and Characterization of the Berkley Multimedia Workload}},
  URL = {http://www.eecs.berkeley.edu/Pubs/TechRpts/2000/5320.html},
  Number = {UCB/CSD-00-1122},
  year = {2000}
}


@inproceedings{EEMBC,
   title = {{EDN Embedded Microprocessor Benchmark Consortium. The EEMBC benchmark suite}},
   year = {1997}
}

@ARTICLE{MediaBnech1997,
  AUTHOR = {Chunho Lee and Miodrag Potkonjak and William H. Mangione-smith},
  title = {{MediaBench: A tool for evaluating and synthesizing multimedia and communications systems}},
  journal = {Micro},
  year = {1997}
}

@ARTICLE{ISPASS05,
  AUTHOR = {Aashish Phansalkar and Ajay Joshi and Lieven Eeckhout and Lizy K. John},
  title = {{Measuring program similarity: experiments with SPEC CPU benchmark suites}},
  journal = {ISPASS},
  year = {2005},
  pages = {10-20}
}

@ARTICLE{Derek1997,
  AUTHOR = {Derek Noonburg and John Paul Shen},
  title = {{A framework for statistical modeling of superscalar processor performance}},
  journal = {HPCA},
  year = {1997},
  pages = {298-309}
}

@ARTICLE{Dubey1994,
  AUTHOR = {Dubey, P.K. and Adams, G.B., III and Flynn, M.J.},
  title = {{Instruction window size trade-offs and characterization of program parallelism}},
  journal = {Transactions on Computers},
  year = {1994},
  pages = {431-442}
}

@ARTICLE{WWC2000,
  AUTHOR = {T. Lafage and A. Seznec},
  title = {{Choosing representative slices of program execution for Microarchitecture simulations: a preliminary application to the data stream}},
  journal = {Workshop on Workload Characterization},
  year = {2000}
}

@misc{pin,
   author = {Pin},
   URL={http://www.pintool.org/faq.html}
}

@article{index2010forecast,
  title={Forecast and Methodology, 2009-2014},
  author={Index, C.V.N.},
  journal={White paper, CISCO, June},
  volume={2},
  year={2010}
}

@ARTICLE{simpoint2002,
  AUTHOR = {Timothy Sherwood and Erez Perelman and Greg Hamerly and Brad Calder},
  title = {{Automatically characterizing large scale program behavior}},
  journal = {ASPLOS},
  year = {2002}
}

@ARTICLE{splash,
  AUTHOR = {S.Woo and M.Ohara and E.Torrie and J.Singh and and A.Gupta},
  title = {{The SPLASH-2 programs: Characterization and methodological considerations}},
  journal = {ISCA},
  pages={24-36},
  year = {1995}
}

@ARTICLE{parsec,
  AUTHOR = {Christian Bienia and Kai Li},
  title = {{PARSEC 2.0: A New Benchmark Suite for Chip-Multiprocessors}},
  journal = {Annual Workshop on Modeling, Benchmarking and Simulation},
  month={June},
  year = {2009}
}

@TechReport{fasthog,
  AUTHOR = {Victor Prisacariu and Ian Reid},
  title = {{fastHOG - a real-time GPU implementation of HOG}},
  institution = "Department of Engineering Science, Oxford University",
  number="2310/09",
  year = {2009}
}

@ARTICLE{rtkdtree,
  AUTHOR = {Kun Zhou, Qiming Hou, Rui Wang, Baining Guo},
  title = {{Real-Time KD-Tree Construction on Graphics Hardware}},
  journal = {ACM Transactions on Graphics},
  year = {2008}
}

@misc{RobHess,
   author = {Rob Hess},
   URL={http://blogs.oregonstate.edu/hess/code/sift/}
}

@inproceedings{SPEC,
    title = {{Standard Performance Evaluation Corporation. SPEC CPU2000 V1.2, CPU Benchmarks}},
    URL={http://www.spec.org}
}



@misc{dataset,
   author = {K. Mikolajczyk},
   title = {{Local Feature Evaluation Dataset}},
   URL={http://www.robots.ox.ac.uk/~vgg/research/affine/}
}

@article{Mikolajczyk2005Evaluation,
  author = {Krystian Mikolajczyk and Cordelia Schmid },
  title = {{A performance evaluation of local descriptors}},
  journal = {Transactions on Pattern Analysis and Machine Intelligence},
  volume = {27},
  number={10},
  year = {2005},
  pages = {1615-1630},
}

@article{Bauer2007Evaluation,
  author = {J. Bauer and N. Sunderhauf and P. Protzel},
  title = {{Comparing Several Implementations of Two Recently Published Feature Detectors}},
  journal = {International Conference on Intelligent and Autonomous Systems},
  year = {2007},
}

@article{MSER2002,
  author = {J. Matas and O. Chum and M. Urban and T. Pajdla},
  title = {{Robust wide baseline stereo from maximally stable extremal regions}},
  journal = {British Machine Vision Conference},
  year = {2002},
}

@article{VLfeat2010,
  author = {Andrea Vedaldi and Brian Fulkerson},
  title = {{Vlfeat: an open and portable library of computer vision algorithms}},
  journal = {ACM Multimedia},
  year = {2010}
}

@article{HOG2005,
  author = {Navneet Dalal and Bill Triggs},
  title = {{Histograms of Oriented Gradients for Human Detection}},
  journal = {CVPR},
  year = {2005}
}

@article{KDTree2008,
  author = {C. Silpa-Anan and R. Hartley},
  title = {{Optimised KD-tress for fast image descriptor matching}},
  journal = {CVPR},
  year = {2008}
}

@article{KDTree2009,
  author = {Marius Muja and David G. Lowe},
  title = {{Fast Approximate Nearest Neighbors with Automatic Algorithm Configuration}},
  journal = {International Conference on Computer Vision Theory and Application},
  year = {2009}
}

@article{VOCTree2006,
  author = {D. Nist\'er and H. Stew\'enius},
  title = {{Scalable Recognition with a Vocabulary Tree}},
  journal = {CVPR},
  year = {2006}
}

@article{LSH1999,
  author = {Aristides Gionis and Piotr Indyk and Rajeev Motwani},
  title = {{Similarity Search in High Dimensions via Hashing}},
  journal = {International Conference on Very Large Data Bases},
  year = {1999}
}

@article{LSH2004,
  author = {Mayur Datar and Piotr Indyk },
  title = {{Locality-sensitive hashing scheme based on p-stable distributions}},
  journal = {Annual Symposium on Computational Geometry},
  year = {2004}
}

@misc{LSHsource,
   title={{LSHKIT: A C++ Locality Sensitive Hashing Library}},
   URL={http://lshkit.sourceforge.net/}
}

@article{ransac1981,
  author = {A. Fischler and C. Bolles},
  title = {{Random sample consensus: a paradigm for model fitting with applications to image analysis and automated cartography}},
  journal = {Communications of the ACM},
  year = {1981}
}

@article{PTLSim,
  author = {M. T. Yourst},
  title = {{PTLSim: A Cycle Accurate Full System x86-64 Microarchitectural Simulator}},
  journal = {ISPASS},
  year = {2007}
}

@misc{INRIA,
   URL={http://pascal.inrialpes.fr/data/human/}
}

@article{oxford2007,
  author = {J. Philbin et al},
  title = {{Object Retrieval with Large Vocabularies and Fast Spatial Matching}},
  journal = {CVPR},
  year = {2007}
}

@inproceedings{jansohn2009detecting,
  title={Detecting pornographic video content by combining image features with motion information},
  author={Jansohn, C. and Ulges, A. and Breuel, T.M.},
  booktitle={Proceedings of the 17th ACM international conference on Multimedia},
  pages={601--604},
  year={2009},
  organization={ACM}
}


@article{hibench2010,
  author = {Shengsheng Huang and Jie Huang and Jinquan Dai and Tao Xie and Bo Huang},
  title = {{The HiBench benchmark suite: Characterization of the MapReduce-based data analysis}},
  journal = {International Conference on Data Engineering Workshops},
  year = {2010}
}

@misc{SPEC2,
   URL={http://www.spec.org}
}

@misc{parboil,
   URL={http://impact.crhc.illinois.edu/parboil.php}
}

@article{oliva2006building,
  title={Building the gist of a scene: The role of global image features in recognition},
  author={Oliva, A. and Torralba, A.},
  journal={Progress in brain research},
  volume={155},
  pages={23--36},
  year={2006},
  publisher={Elsevier}
}

@inproceedings{achanta2009frequency,
  title={Frequency-tuned salient region detection},
  author={Achanta, R. and Hemami, S. and Estrada, F. and Susstrunk, S.},
  booktitle={Computer Vision and Pattern Recognition, 2009. CVPR 2009. IEEE Conference on},
  pages={1597--1604},
  year={2009},
  organization={IEEE}
}

@article{liu2011learning,
  title={Learning to detect a salient object},
  author={Liu, T. and Yuan, Z. and Sun, J. and Wang, J. and Zheng, N. and Tang, X. and Shum, H.Y.},
  journal={Pattern Analysis and Machine Intelligence, IEEE Transactions on},
  volume={33},
  number={2},
  pages={353--367},
  year={2011},
  publisher={IEEE}
}

@misc{evans2010opensurf,
  title={The OpenSURF Computer Vision Library},
  author={Evans, C.},
  year={2010}
}

@INPROCEEDINGS{nister-stewenius-cvpr-2006,
  author = {D. Nist\'er and H. Stew\'enius},
  title = {Scalable Recognition with a Vocabulary Tree},
  year = 2006,
  month = JUN,
  volume = {2},
  pages = {2161-2168},
  booktitle = {IEEE Conference on Computer Vision and Pattern Recognition (CVPR)}
}

@article{mikolajczyk2005performance,
  title={A performance evaluation of local descriptors},
  author={Mikolajczyk, K. and Schmid, C.},
  journal={Pattern Analysis and Machine Intelligence, IEEE Transactions on},
  volume={27},
  number={10},
  pages={1615--1630},
  year={2005},
  publisher={IEEE}
}

@inproceedings{bauer2007comparing,
  title={Comparing several implementations of two recently published feature detectors},
  author={Bauer, J. and Sunderhauf, N. and Protzel, P.},
  booktitle={Proc. of the International Conference on Intelligent and Autonomous Systems},
  volume={6},
  number={pt 1},
  year={2007}
}

@inproceedings{lowe1999object,
  title={Object recognition from local scale-invariant features},
  author={Lowe, D.G.},
  booktitle={Computer Vision, 1999. The Proceedings of the Seventh IEEE International Conference on},
  volume={2},
  pages={1150--1157},
  year={1999},
  organization={Ieee}
}

@article{lowe2004distinctive,
  title={Distinctive image features from scale-invariant keypoints},
  author={Lowe, D.G.},
  journal={International journal of computer vision},
  volume={60},
  number={2},
  pages={91--110},
  year={2004},
  publisher={Springer}
}

@article{lazebnik2005sparse,
  title={A sparse texture representation using local affine regions},
  author={Lazebnik, S. and Schmid, C. and Ponce, J.},
  journal={Pattern Analysis and Machine Intelligence, IEEE Transactions on},
  volume={27},
  number={8},
  pages={1265--1278},
  year={2005},
  publisher={IEEE}
}

@inproceedings{ke2004pca,
  title={PCA-SIFT: A more distinctive representation for local image descriptors},
  author={Ke, Y. and Sukthankar, R.},
  booktitle={Computer Vision and Pattern Recognition, 2004. CVPR 2004. Proceedings of the 2004 IEEE Computer Society Conference on},
  volume={2},
  pages={II--506},
  year={2004},
  organization={IEEE}
}

@inproceedings{cheng2011global,
  title={Global contrast based salient region detection},
  author={Cheng, M.M. and Zhang, G.X. and Mitra, N.J. and Huang, X. and Hu, S.M.},
  booktitle={Computer Vision and Pattern Recognition (CVPR), 2011 IEEE Conference on},
  pages={409--416},
  year={2011},
  organization={IEEE}
}

@inproceedings{huang2009image,
  title={Image trimming via saliency region detection and iterative feature matching},
  author={Huang, J. and Li, Z.N.},
  booktitle={Multimedia and Expo, 2009. ICME 2009. IEEE International Conference on},
  pages={1322--1325},
  year={2009},
  organization={IEEE}
}

@inproceedings{liang2010salient,
  title={Salient-SIFT for image retrieval},
  author={Liang, Z. and Fu, H. and Chi, Z. and Feng, D.},
  booktitle={Advanced Concepts for Intelligent Vision Systems},
  pages={62--71},
  year={2010},
  organization={Springer}
}

@article{itti1998model,
  title={A model of saliency-based visual attention for rapid scene analysis},
  author={Itti, L. and Koch, C. and Niebur, E.},
  journal={Pattern Analysis and Machine Intelligence, IEEE Transactions on},
  volume={20},
  number={11},
  pages={1254--1259},
  year={1998},
  publisher={IEEE}
}

@inproceedings{yang2008image,
  title={Image mosaic based on SIFT},
  author={Yang, Z.L. and Guo, B.L.},
  booktitle={Intelligent Information Hiding and Multimedia Signal Processing, 2008. IIHMSP'08 International Conference on},
  pages={1422--1425},
  year={2008},
  organization={IEEE}
}

@inproceedings{salgian2007using,
  title={Using Multiple Patches for 3D Object Recognition},
  author={Salgian, A.S.},
  booktitle={Computer Vision and Pattern Recognition, 2007. CVPR'07. IEEE Conference on},
  pages={1--6},
  year={2007},
  organization={IEEE}
}

@inproceedings{brown2003recognising,
 author = {Brown, M. and Lowe, D. G.},
 title = {Recognising Panoramas},
 booktitle = {Proceedings of the Ninth IEEE International Conference on Computer Vision - Volume 2},
 series = {ICCV '03},
 year = {2003},
 isbn = {0-7695-1950-4},
 pages = {1218--},
 url = {http://dl.acm.org/citation.cfm?id=946247.946772},
 acmid = {946772},
 publisher = {IEEE Computer Society},
 address = {Washington, DC, USA},
} 

@inproceedings{tang2008modified,
  title={Modified SIFT descriptor for image matching under interference},
  author={Tang, C.Y. and Wu, Y.L. and Hor, M.K. and Wang, W.H.},
  booktitle={Machine Learning and Cybernetics, 2008 International Conference on},
  volume={6},
  pages={3294--3300},
  year={2008},
  organization={IEEE}
}

@inproceedings{heo2008illumination,
  title={Illumination and camera invariant stereo matching},
  author={Heo, Y.S. and Lee, K.M. and Lee, S.U.},
  booktitle={Computer Vision and Pattern Recognition, 2008. CVPR 2008. IEEE Conference on},
  pages={1--8},
  year={2008},
  organization={IEEE}
}

@inproceedings{se2001vision,
  title={Vision-based mobile robot localization and mapping using scale-invariant features},
  author={Se, S. and Lowe, D. and Little, J.},
  booktitle={Robotics and Automation, 2001. Proceedings 2001 ICRA. IEEE International Conference on},
  volume={2},
  pages={2051--2058},
  year={2001},
  organization={IEEE}
}


@inproceedings{adaptivepipelineicpp2012,
  title={Adaptive Pipeline Parallelism for Image Feature Extraction Algorithms},
  author={Peng Chen and Donglei Yang and Weihua Zhang and Yi Li and Haibo Chen and Binyu Zang},
  booktitle={41st International Conference on Parallel Processing (ICPP 2012)},
  pages={299--308},
  year={2012},
  organization={IEEE}
}